<?xml version="1.0" encoding="UTF-8"?><record xmlns="http://www.loc.gov/MARC21/slim" xmlns:cinclude="http://apache.org/cocoon/include/1.0" xmlns:zs="http://www.loc.gov/zing/srw/">
  <leader>00462cz  a2200145n  4500</leader>
  <controlfield tag="001">n  80030376 </controlfield>
  <controlfield tag="003">DLC</controlfield>
  <controlfield tag="005">20090214075855.0</controlfield>
  <controlfield tag="008">800411n| acannaabn          |b aaa      </controlfield>
  <datafield tag="010" ind1=" " ind2=" ">
    <subfield code="a">n  80030376 </subfield>
  </datafield>
  <datafield tag="035" ind1=" " ind2=" ">
    <subfield code="a">(OCoLC)oca00412614</subfield>
  </datafield>
  <datafield tag="040" ind1=" " ind2=" ">
    <subfield code="a">DLC</subfield>
    <subfield code="b">eng</subfield>
    <subfield code="c">DLC</subfield>
    <subfield code="d">OCoLC</subfield>
  </datafield>
  <datafield tag="100" ind1="1" ind2=" ">
    <subfield code="a">Zachariadēs-Souras, Dēmētriou</subfield>
  </datafield>
  <datafield tag="400" ind1="1" ind2=" ">
    <subfield code="a">Souras, Dēmētriou Zachariadēs-</subfield>
  </datafield>
  <datafield tag="670" ind1=" " ind2=" ">
    <subfield code="a">His Askēseis stēn mikrooikonomikē theōria, 1978:</subfield>
    <subfield code="b">t.p. (Dēm. Zachariadē-Soura)</subfield>
  </datafield>
</record>